<record><leader>00000cas a2200000 a 4500</leader><controlfield tag="001">11985990</controlfield><controlfield tag="008">850501d18931905ksuwr ne      0    0eng d</controlfield><datafield ind1=" " ind2=" " tag="010"><subfield code="a">sn 85031297 </subfield></datafield><datafield ind1=" " ind2=" " tag="040"><subfield code="a">KSH</subfield><subfield code="b">eng</subfield><subfield code="c">KSH</subfield><subfield code="d">NPT</subfield><subfield code="d">OCL</subfield><subfield code="d">OCLCQ</subfield></datafield><datafield ind1=" " ind2=" " tag="042"><subfield code="a">msc</subfield></datafield><datafield ind1="0" ind2="4" tag="245"><subfield code="a">The Sabetha republican-herald.</subfield></datafield><datafield ind1=" " ind2=" " tag="260"><subfield code="a">Sabetha, Kan. :</subfield><subfield code="b">J.A. Constant,</subfield><subfield code="c">1893-1905.</subfield></datafield><datafield ind1=" " ind2=" " tag="300"><subfield code="a">12 v. :</subfield><subfield code="b">ill. (chiefly advertisements) ;</subfield><subfield code="c">55 cm.</subfield></datafield><datafield ind1=" " ind2=" " tag="310"><subfield code="a">Weekly</subfield></datafield><datafield ind1="0" ind2=" " tag="362"><subfield code="a">Vol. 17, no. 32 (May 5, 1893)-v. 29, no. 1 (Nov. 23, 1905).</subfield></datafield><datafield ind1=" " ind2=" " tag="500"><subfield code="a">"Republican."</subfield></datafield><datafield ind1=" " ind2=" " tag="752"><subfield code="a">United States</subfield><subfield code="b">Kansas</subfield><subfield code="c">Nemaha</subfield><subfield code="d">Sabetha.</subfield></datafield><datafield ind1="0" ind2="4" tag="780"><subfield code="t">Sabetha herald (Sabetha, Kan. : 1885)</subfield><subfield code="w">(DLC)sn 85031296</subfield></datafield><datafield ind1="0" ind2="4" tag="780"><subfield code="t">Nemaha County republican (Sabetha, Kan.)</subfield><subfield code="w">(DLC)sn 85031298</subfield></datafield><datafield ind1="0" ind2="0" tag="785"><subfield code="t">Sabetha herald (Sabetha, Kan. : 1905)</subfield><subfield code="w">(DLC)sn 85031295</subfield></datafield></record>